@techreport{overview-bitcoin2008nakamoto,
  title={Bitcoin: A peer-to-peer electronic cash system},
  author={Nakamoto, Satoshi},
  year={2008},
  url={https://bitcoin.org/bitcoin.pdf},
  note={Acesso em: 29 jan. 2021}
}

@inproceedings{mavridou2019verisolid-103,
  title={VeriSolid: Correct-by-design smart contracts for Ethereum},
  author={Mavridou, Anastasia and Laszka, Aron and Stachtiari, Emmanouela and Dubey, Abhishek},
  booktitle={International Conference on Financial Cryptography and Data Security},
  pages={446--465},
  year={2019},
  organization={Springer}
}
