%%%%%%%%%%%%%%%%%%%%%%%%%%%%%%%%%%%%%%%%%%%%%%%%%%%%%%
%%%%ESTUDOS SELECIONADOS NO MAPEAMENTO SISTEMÁTICO%%%%
%%%%%%%%%%%%%%%%%%%%%%%%%%%%%%%%%%%%%%%%%%%%%%%%%%%%%%

@inproceedings{ferreira2020aegis-01,
  title={{\AE}gis: Shielding vulnerable smart contracts against attacks},
  author={Ferreira Torres, Christof and Baden, Mathis and Norvill, Robert and Fiz Pontiveros, Beltran Borja and Jonker, Hugo and Mauw, Sjouke},
  booktitle={Proceedings of the 15th ACM Asia Conference on Computer and Communications Security},
  pages={584--597},
  year={2020}
}

@article{fu2019critical-02,
  title={A critical-path-coverage-based vulnerability detection method for smart contracts},
  author={Fu, Menglin and Wu, Lifa and Hong, Zheng and Zhu, Feng and Sun, He and Feng, Wenbo},
  journal={IEEE Access},
  volume={7},
  pages={147327--147344},
  year={2019},
  publisher={IEEE}
}

@article{sun2020formal-03,
  title={A Formal Verification Framework for Security Issues of Blockchain Smart Contracts},
  author={Sun, Tianyu and Yu, Wensheng},
  journal={Electronics},
  volume={9},
  number={2},
  pages={255},
  year={2020},
  publisher={Multidisciplinary Digital Publishing Institute}
}

@inproceedings{wang2020formal-04,
  title={A Formal Verification Method for Smart Contract},
  author={Wang, Xiaobing and Yang, Xiaoyu and Li, Chunyi},
  booktitle={2020 7th International Conference on Dependable Systems and Their Applications (DSA)},
  pages={31--36},
  year={2020},
  organization={IEEE}
}

@inproceedings{park2018formal-05,
  title={A formal verification tool for {E}thereum {VM} bytecode},
  author={Park, Daejun and Zhang, Yi and Saxena, Manasvi and Daian, Philip and Ro{\c{s}}u, Grigore},
  booktitle={Proceedings of the 2018 26th ACM Joint Meeting on European Software Engineering Conference and Symposium on the Foundations of Software Engineering},
  pages={912--915},
  year={2018}
}

@inproceedings{du2020general-06,
  title={A General Framework of Smart Contract Vulnerability Mining Based on Control Flow Graph Matching},
  author={Du, Shasha and Huang, Huiwu},
  booktitle={International Conference on Artificial Intelligence and Security},
  pages={166--175},
  year={2020},
  organization={Springer}
}

@article{yang2020hybrid-07,
  title={A hybrid formal verification system in coq for ensuring the reliability and security of ethereum-based service smart contracts},
  author={Yang, Zheng and Lei, Hang and Qian, Weizhong},
  journal={IEEE Access},
  volume={8},
  pages={21411--21436},
  year={2020},
  publisher={IEEE}
}

@article{xing2020new-08,
  title={A new scheme of vulnerability analysis in smart contract with machine learning},
  author={Xing, Cipai and Chen, Zhuorong and Chen, Lexin and Guo, Xiaojie and Zheng, Zibin and Li, Jin},
  journal={Wireless Networks},
  pages={1--10},
  year={2020},
  publisher={Springer}
}

@inproceedings{da2020tool-09,
  title={A tool for proving Michelson Smart Contracts in WHY3},
  author={da Horta, Lu{\'\i}s Pedro Arrojado and Reis, Jo{\~a}o Santos and de Sousa, Sim{\~a}o Melo and Pereira, M{\'a}rio},
  booktitle={2020 IEEE International Conference on Blockchain (Blockchain)},
  pages={409--414},
  year={2020},
  organization={IEEE}
}

@inproceedings{marescotti2020accurate-10,
  title={Accurate Smart Contract Verification Through Direct Modelling},
  author={Marescotti, Matteo and Otoni, Rodrigo and Alt, Leonardo and Eugster, Patrick and Hyv{\"a}rinen, Antti EJ and Sharygina, Natasha},
  booktitle={International Symposium on Leveraging Applications of Formal Methods},
  pages={178--194},
  year={2020},
  organization={Springer}
}

@inproceedings{lahbib2020event-11,
  title={An Event-B based approach for formal modelling and verification of smart contracts},
  author={Lahbib, Asma and Wakrime, Abderrahim Ait and Laouiti, Anis and Toumi, Khalifa and Martin, Steven},
  booktitle={International Conference on Advanced Information Networking and Applications},
  pages={1303--1318},
  year={2020},
  organization={Springer}
}

@inproceedings{weiss2019annotary-12,
  title={Annotary: A concolic execution system for developing secure smart contracts},
  author={Weiss, Konrad and Sch{\"u}tte, Julian},
  booktitle={European Symposium on Research in Computer Security},
  pages={747--766},
  year={2019},
  organization={Springer}
}

@inproceedings{wang2020artemis-13,
  title={Artemis: An improved smart contract verification tool for vulnerability detection},
  author={Wang, Anqi and Wang, Hao and Jiang, Bo and Chan, WK},
  booktitle={2020 7th International Conference on Dependable Systems and Their Applications (DSA)},
  pages={173--181},
  year={2020},
  organization={IEEE}
}

@inproceedings{sun2021attention-14,
  title={Attention-based Machine Learning Model for Smart Contract Vulnerability Detection},
  author={Sun, Yuhang and Gu, Lize},
  booktitle={Journal of Physics: Conference Series},
  volume={1820},
  number={1},
  pages={012004},
  year={2021},
  organization={IOP Publishing}
}

@inproceedings{beillahi2020behavioral-15,
  title={Behavioral simulation for smart contracts},
  author={Beillahi, Sidi Mohamed and Ciocarlie, Gabriela and Emmi, Michael and Enea, Constantin},
  booktitle={Proceedings of the 41st ACM SIGPLAN Conference on Programming Language Design and Implementation},
  pages={470--486},
  year={2020}
}

@article{gao2020checking-16,
  title={Checking smart contracts with structural code embedding},
  author={Gao, Zhipeng and Jiang, Lingxiao and Xia, Xin and Lo, David and Grundy, John},
  journal={IEEE Transactions on Software Engineering},
  year={2020},
  publisher={IEEE}
}

@inproceedings{marescotti2018computing-17,
  title={Computing exact worst-case gas consumption for smart contracts},
  author={Marescotti, Matteo and Blicha, Martin and Hyv{\"a}rinen, Antti EJ and Asadi, Sepideh and Sharygina, Natasha},
  booktitle={International Symposium on Leveraging Applications of Formal Methods},
  pages={450--465},
  year={2018},
  organization={Springer}
}

@inproceedings{jiang2018contractfuzzer-18,
  title={Contractfuzzer: Fuzzing smart contracts for vulnerability detection},
  author={Jiang, Bo and Liu, Ye and Chan, WK},
  booktitle={2018 33rd IEEE/ACM International Conference on Automated Software Engineering (ASE)},
  pages={259--269},
  year={2018},
  organization={IEEE}
}

@article{wang2019contractguard-19,
  title={ContractGuard: Defend ethereum smart contracts with embedded intrusion detection},
  author={Wang, Xinming and He, Jiahao and Xie, Zhijian and Zhao, Gansen and Cheung, Shing-Chi},
  journal={IEEE Transactions on Services Computing},
  volume={13},
  number={2},
  pages={314--328},
  year={2019},
  publisher={IEEE}
}

@article{wang2020contractward-20,
  title={Contractward: Automated vulnerability detection models for ethereum smart contracts},
  author={Wang, Wei and Song, Jingjing and Xu, Guangquan and Li, Yidong and Wang, Hao and Su, Chunhua},
  journal={IEEE Transactions on Network Science and Engineering},
  year={2020},
  publisher={IEEE}
}

@inproceedings{xue2020cross-21,
  title={Cross-Contract Static Analysis for Detecting Practical Reentrancy Vulnerabilities in Smart Contracts},
  author={Xue, Yinxing and Ma, Mingliang and Lin, Yun and Sui, Yulei and Ye, Jiaming and Peng, Tianyong},
  booktitle={2020 35th IEEE/ACM International Conference on Automated Software Engineering (ASE)},
  pages={1029--1040},
  year={2020},
  organization={IEEE}
}

@article{shishkin2019debugging-22,
  title={Debugging smart contract’s business logic using symbolic model checking},
  author={Shishkin, Evgeniy},
  journal={Programming and Computer Software},
  volume={45},
  number={8},
  pages={590--599},
  year={2019},
  publisher={Springer}
}

@inproceedings{nehai2019deductive-23,
  title={Deductive Proof of Industrial Smart Contracts Using Why3},
  author={Neha{\"\i}, Zeinab and Bobot, Fran{\c{c}}ois},
  booktitle={International Symposium on Formal Methods},
  pages={299--311},
  year={2019},
  organization={Springer}
}

@inproceedings{hirai2017defining-24,
  title={Defining the ethereum virtual machine for interactive theorem provers},
  author={Hirai, Yoichi},
  booktitle={International Conference on Financial Cryptography and Data Security},
  pages={520--535},
  year={2017},
  organization={Springer}
}

@article{ji2020deposafe-25,
  title={Deposafe: Demystifying the fake deposit vulnerability in ethereum smart contracts},
  author={Ji, Ru and He, Ningyu and Wu, Lei and Wang, Haoyu and Bai, Guangdong and Guo, Yao},
  journal={arXiv preprint arXiv:2006.06419},
  year={2020}
}

@article{wang2019detecting-nondeterministic-26,
  title={Detecting nondeterministic payment bugs in Ethereum smart contracts},
  author={Wang, Shuai and Zhang, Chengyu and Su, Zhendong},
  journal={Proceedings of the ACM on Programming Languages},
  volume={3},
  number={OOPSLA},
  pages={1--29},
  year={2019},
  publisher={ACM New York, NY, USA}
}

@inproceedings{arganaraz2020detection-27,
  title={Detection of vulnerabilities in smart contracts specifications in ethereum platforms},
  author={Arga{\~n}araz, Mauro and Ber{\'o}n, Mario and Pereira, Maria Jo{\~a}o and Henriques, Pedro},
  booktitle={9th Symposium on Languages, Applications and Technologies (SLATE 2020)},
  volume={83},
  pages={1--16},
  year={2020},
  organization={Schloss Dagstuhl--Leibniz-Zentrum fuer Informatik}
}

@inproceedings{atzei2019developing-28,
  title={Developing secure Bitcoin contracts with BitML},
  author={Atzei, Nicola and Bartoletti, Massimo and Lande, Stefano and Yoshida, Nobuko and Zunino, Roberto},
  booktitle={Proceedings of the 2019 27th ACM Joint Meeting on European Software Engineering Conference and Symposium on the Foundations of Software Engineering},
  pages={1124--1128},
  year={2019}
}

@article{albert2021don-29,
  title={Don’t run on fumes—Parametric gas bounds for smart contracts},
  author={Albert, Elvira and Correas, Jes{\'u}s and Gordillo, Pablo and Rom{\'a}n-D{\'\i}ez, Guillermo and Rubio, Albert},
  journal={Journal of Systems and Software},
  volume={176},
  pages={110923},
  year={2021},
  publisher={Elsevier}
}

@inproceedings{gao2019easyflow-30,
  title={Easyflow: Keep ethereum away from overflow},
  author={Gao, Jianbo and Liu, Han and Liu, Chao and Li, Qingshan and Guan, Zhi and Chen, Zhong},
  booktitle={2019 IEEE/ACM 41st International Conference on Software Engineering: Companion Proceedings (ICSE-Companion)},
  pages={23--26},
  year={2019},
  organization={IEEE}
}

@inproceedings{brent2020ethainter-31,
  title={Ethainter: a smart contract security analyzer for composite vulnerabilities},
  author={Brent, Lexi and Grech, Neville and Lagouvardos, Sifis and Scholz, Bernhard and Smaragdakis, Yannis},
  booktitle={Proceedings of the 41st ACM SIGPLAN Conference on Programming Language Design and Implementation},
  pages={454--469},
  year={2020}
}

@inproceedings{frank2020ethbmc-32,
  title={ETHBMC: A Bounded Model Checker for Smart Contracts},
  author={Frank, Joel and Aschermann, Cornelius and Holz, Thorsten},
  booktitle={29th USENIX Security Symposium (USENIX Security 20)},
  pages={2757--2774},
  year={2020}
}

@inproceedings{ashouri2020etherolic-33,
  title={Etherolic: a practical security analyzer for smart contracts},
  author={Ashouri, Mohammadreza},
  booktitle={Proceedings of the 35th Annual ACM Symposium on Applied Computing},
  pages={353--356},
  year={2020}
}

@inproceedings{schneidewind2020ethor-34,
  title={eThor: Practical and provably sound static analysis of Ethereum smart contracts},
  author={Schneidewind, Clara and Grishchenko, Ilya and Scherer, Markus and Maffei, Matteo},
  booktitle={Proceedings of the 2020 ACM SIGSAC Conference on Computer and Communications Security},
  pages={621--640},
  year={2020}
}

@inproceedings{zhang2020ethploit-35,
  title={Ethploit: From fuzzing to efficient exploit generation against smart contracts},
  author={Zhang, Qingzhao and Wang, Yizhuo and Li, Juanru and Ma, Siqi},
  booktitle={2020 IEEE 27th International Conference on Software Analysis, Evolution and Reengineering (SANER)},
  pages={116--126},
  year={2020},
  organization={IEEE}
}

@inproceedings{prechtel2019evaluating-36,
  title={Evaluating Spread of ‘Gasless Send’in Ethereum Smart Contracts},
  author={Prechtel, David and Gro{\ss}, Tobias and M{\"u}ller, Tilo},
  booktitle={2019 10th IFIP International Conference on New Technologies, Mobility and Security (NTMS)},
  pages={1--6},
  year={2019},
  organization={IEEE}
}

@inproceedings{kolluri2019exploiting-37,
  title={Exploiting the laws of order in smart contracts},
  author={Kolluri, Aashish and Nikolic, Ivica and Sergey, Ilya and Hobor, Aquinas and Saxena, Prateek},
  booktitle={Proceedings of the 28th ACM SIGSOFT International Symposium on Software Testing and Analysis},
  pages={363--373},
  year={2019}
}

@article{yang2019fether-38,
  title={Fether: An extensible definitional interpreter for smart-contract verifications in coq},
  author={Yang, Zheng and Lei, Hang},
  journal={IEEE Access},
  volume={7},
  pages={37770--37791},
  year={2019},
  publisher={IEEE}
}

@inproceedings{nikolic2018finding-39,
  title={Finding the greedy, prodigal, and suicidal contracts at scale},
  author={Nikoli{\'c}, Ivica and Kolluri, Aashish and Sergey, Ilya and Saxena, Prateek and Hobor, Aquinas},
  booktitle={Proceedings of the 34th Annual Computer Security Applications Conference},
  pages={653--663},
  year={2018}
}

@article{duo2020formal-40,
  title={Formal analysis of smart contract based on colored petri nets},
  author={Duo, Wang and Xin, Huang and Xiaofeng, Ma},
  journal={IEEE Intelligent Systems},
  volume={35},
  number={3},
  pages={19--30},
  year={2020},
  publisher={IEEE}
}

@inproceedings{bai2018formal-41,
  title={Formal modeling and verification of smart contracts},
  author={Bai, Xiaomin and Cheng, Zijing and Duan, Zhangbo and Hu, Kai},
  booktitle={Proceedings of the 2018 7th International Conference on Software and Computer Applications},
  pages={322--326},
  year={2018}
}

@inproceedings{liu2019formal-42,
  title={Formal verification of blockchain smart contract based on colored petri net models},
  author={Liu, Zhentian and Liu, Jing},
  booktitle={2019 IEEE 43rd Annual Computer Software and Applications Conference (COMPSAC)},
  volume={2},
  pages={555--560},
  year={2019},
  organization={IEEE}
}

@inproceedings{li2019formal-43,
  title={Formal Verification of BNB Smart Contract},
  author={Li, Xiaoyu and Su, Cheng and Xiong, Yan and Huang, Wenchao and Wang, Wansen},
  booktitle={2019 5th International Conference on Big Data Computing and Communications (BIGCOM)},
  pages={74--78},
  year={2019},
  organization={IEEE}
}

@inproceedings{abdellatif2018formal-44,
  title={Formal verification of smart contracts based on users and blockchain behaviors models},
  author={Abdellatif, Tesnim and Brousmiche, Kei-Leo},
  booktitle={2018 9th IFIP International Conference on New Technologies, Mobility and Security (NTMS)},
  pages={1--5},
  year={2018},
  organization={IEEE}
}

@inproceedings{qu2018formal-45,
  title={Formal verification of smart contracts from the perspective of concurrency},
  author={Qu, Meixun and Huang, Xin and Chen, Xu and Wang, Yi and Ma, Xiaofeng and Liu, Dawei},
  booktitle={International Conference on Smart Blockchain},
  pages={32--43},
  year={2018},
  organization={Springer}
}

@inproceedings{madl2019formal-46,
  title={Formal verification of smart contracts using interface automata},
  author={Madl, Gabor and Bathen, Luis and Flores, German and Jadav, Divyesh},
  booktitle={2019 IEEE International Conference on Blockchain (Blockchain)},
  pages={556--563},
  year={2019},
  organization={IEEE}
}

@inproceedings{bhargavan2016formal-47,
  title={Formal verification of smart contracts: Short paper},
  author={Bhargavan, Karthikeyan and Delignat-Lavaud, Antoine and Fournet, C\'{e}dric and Gollamudi, Anitha and Gonthier, Georges and Kobeissi, Nadim and Kulatova, Natalia and Rastogi, Aseem and Sibut-Pinote, Thomas and Swamy, Nikhil and Zanella-B\'eguelin, Santiago},
  booktitle={Proceedings of the 2016 ACM workshop on programming languages and analysis for security},
  pages={91--96},
  year={2016}
}

@inproceedings{wang2019formal-48,
  title={Formal verification of workflow policies for smart contracts in azure blockchain},
  author={Wang, Yuepeng and Lahiri, Shuvendu K and Chen, Shuo and Pan, Rong and Dillig, Isil and Born, Cody and Naseer, Immad and Ferles, Kostas},
  booktitle={Working Conference on Verified Software: Theories, Tools, and Experiments},
  pages={87--106},
  year={2019},
  organization={Springer}
}

@article{ding2020function-49,
  title={Function-level dynamic monitoring and analysis system for smart contract},
  author={Ding, Yi and Wang, Chenshuo and Zhong, Qionghui and Li, Haisheng and Tan, Jinjing and Li, Jie},
  journal={IEEE Access},
  year={2020},
  publisher={IEEE}
}

@article{chen2020gaschecker-50,
  title={Gaschecker: Scalable analysis for discovering gas-inefficient smart contracts},
  author={Chen, Ting and Feng, Youzheng and Li, Zihao and Zhou, Hao and Luo, Xiapu and Li, Xiaoqi and Xiao, Xiuzhuo and Chen, Jiachi and Zhang, Xiaosong},
  journal={IEEE Transactions on Emerging Topics in Computing},
  year={2020},
  publisher={IEEE}
}

@article{ashraf2020gasfuzzer-51,
  title={GasFuzzer: Fuzzing Ethereum Smart Contract Binaries to Expose Gas-Oriented Exception Security Vulnerabilities},
  author={Ashraf, Imran and Ma, Xiaoxue and Jiang, Bo and Chan, WK},
  journal={IEEE Access},
  volume={8},
  pages={99552--99564},
  year={2020},
  publisher={IEEE}
}

@inproceedings{wustholz2020harvey-52,
  title={Harvey: A greybox fuzzer for smart contracts},
  author={W{\"u}stholz, Valentin and Christakis, Maria},
  booktitle={Proceedings of the 28th ACM Joint Meeting on European Software Engineering Conference and Symposium on the Foundations of Software Engineering},
  pages={1398--1409},
  year={2020}
}

@article{huang2021hunting-53,
  title={Hunting Vulnerable Smart Contracts via Graph Embedding Based Bytecode Matching},
  author={Huang, Jianjun and Han, Songming and You, Wei and Shi, Wenchang and Liang, Bin and Wu, Jingzheng and Wu, Yanjun},
  journal={IEEE Transactions on Information Forensics and Security},
  volume={16},
  pages={2144--2156},
  year={2021},
  publisher={IEEE}
}

@inproceedings{momeni2019machine-54,
  title={Machine Learning Model for Smart Contracts Security Analysis},
  author={Momeni, Pouyan and Wang, Yu and Samavi, Reza},
  booktitle={2019 17th International Conference on Privacy, Security and Trust (PST)},
  pages={1--6},
  year={2019},
  organization={IEEE}
}

@article{grech2018madmax-55,
  title={Madmax: Surviving out-of-gas conditions in ethereum smart contracts},
  author={Grech, Neville and Kong, Michael and Jurisevic, Anton and Brent, Lexi and Scholz, Bernhard and Smaragdakis, Yannis},
  journal={Proceedings of the ACM on Programming Languages},
  volume={2},
  number={OOPSLA},
  pages={1--27},
  year={2018},
  publisher={ACM New York, NY, USA}
}

@inproceedings{luu2016making-oyente-56,
  title={Making smart contracts smarter},
  author={Luu, Loi and Chu, Duc-Hiep and Olickel, Hrishi and Saxena, Prateek and Hobor, Aquinas},
  booktitle={Proceedings of the 2016 ACM SIGSAC conference on computer and communications security},
  pages={254--269},
  year={2016}
}

@inproceedings{mossberg2019manticore-57,
  title={Manticore: A user-friendly symbolic execution framework for binaries and smart contracts},
  author={Mossberg, Mark and Manzano, Felipe and Hennenfent, Eric and Groce, Alex and Grieco, Gustavo and Feist, Josselin and Brunson, Trent and Dinaburg, Artem},
  booktitle={2019 34th IEEE/ACM International Conference on Automated Software Engineering (ASE)},
  pages={1186--1189},
  year={2019},
  organization={IEEE}
}

@article{osterland2020model-58,
  title={Model checking smart contracts for ethereum},
  author={Osterland, Thomas and Rose, Thomas},
  journal={Pervasive and Mobile Computing},
  volume={63},
  pages={101129},
  year={2020},
  publisher={Elsevier}
}

@inproceedings{nehai2018model-59,
  title={Model-checking of smart contracts},
  author={Nehai, Zeinab and Piriou, Pierre-Yves and Daumas, Frederic},
  booktitle={2018 IEEE International Conference on Internet of Things (iThings) and IEEE Green Computing and Communications (GreenCom) and IEEE Cyber, Physical and Social Computing (CPSCom) and IEEE Smart Data (SmartData)},
  pages={980--987},
  year={2018},
  organization={IEEE}
}

@inproceedings{he2020modeling-60,
  title={Modeling and Analyzing Smart Contracts using Predicate Transition Nets},
  author={He, Xudong},
  booktitle={2020 IEEE 20th International Conference on Software Quality, Reliability and Security Companion (QRS-C)},
  pages={108--115},
  year={2020},
  organization={IEEE}
}

@inproceedings{azzopardi2018monitoring-61,
  title={Monitoring smart contracts: Contractlarva and open challenges beyond},
  author={Azzopardi, Shaun and Ellul, Joshua and Pace, Gordon J},
  booktitle={International Conference on Runtime Verification},
  pages={113--137},
  year={2018},
  organization={Springer}
}

@inproceedings{zhang2019mpro-62,
  title={MPro: Combining Static and Symbolic Analysis for Scalable Testing of Smart Contract},
  author={Zhang, William and Banescu, Sebastian and Pasos, Leonardo and Stewart, Steven and Ganesh, Vijay},
  booktitle={2019 IEEE 30th International Symposium on Software Reliability Engineering (ISSRE)},
  pages={456--462},
  year={2019},
  organization={IEEE}
}

@article{lu2019neucheck-63,
  title={NeuCheck: A more practical Ethereum smart contract security analysis tool},
  author={Lu, Ning and Wang, Bin and Zhang, Yongxin and Shi, Wenbo and Esposito, Christian},
  journal={Software: Practice and Experience},
  year={2019},
  publisher={Wiley Online Library}
}

@article{wang2020oracle-64,
  title={Oracle-supported dynamic exploit generation for smart contracts},
  author={Wang, Haijun and Liu, Ye and Li, Yi and Lin, Shang-Wei and Artho, Cyrille and Ma, Lei and Liu, Yang},
  journal={IEEE Transactions on Dependable and Secure Computing},
  year={2020},
  publisher={IEEE}
}

@inproceedings{torres2018osiris-65,
  title={Osiris: Hunting for integer bugs in ethereum smart contracts},
  author={Torres, Christof Ferreira and Sch{\"u}tte, Julian and State, Radu},
  booktitle={Proceedings of the 34th Annual Computer Security Applications Conference},
  pages={664--676},
  year={2018}
}

@inproceedings{yamashita2019potential-66,
  title={Potential risks of hyperledger fabric smart contracts},
  author={Yamashita, Kazuhiro and Nomura, Yoshihide and Zhou, Ence and Pi, Bingfeng and Jun, Sun},
  booktitle={2019 IEEE International Workshop on Blockchain Oriented Software Engineering (IWBOSE)},
  pages={1--10},
  year={2019},
  organization={IEEE}
}

@inproceedings{chatterjee2018quantitative-67,
  title={Quantitative analysis of smart contracts},
  author={Chatterjee, Krishnendu and Goharshady, Amir Kafshdar and Velner, Yaron},
  booktitle={European Symposium on Programming},
  pages={739--767},
  year={2018},
  organization={Springer, Cham}
}

@inproceedings{chinen2020ra-68,
  title={RA: Hunting for Re-Entrancy Attacks in Ethereum Smart Contracts via Static Analysis},
  author={Chinen, Yuchiro and Yanai, Naoto and Cruz, Jason Paul and Okamura, Shingo},
  booktitle={2020 IEEE International Conference on Blockchain (Blockchain)},
  pages={327--336},
  year={2020},
  organization={IEEE}
}

@inproceedings{samreen2020reentrancy-69,
  title={Reentrancy vulnerability identification in Ethereum smart contracts},
  author={Samreen, Noama Fatima and Alalfi, Manar H},
  booktitle={2020 IEEE International Workshop on Blockchain Oriented Software Engineering (IWBOSE)},
  pages={22--29},
  year={2020},
  organization={IEEE}
}

@inproceedings{liu2018reguard-70,
  title={Reguard: finding reentrancy bugs in smart contracts},
  author={Liu, Chao and Liu, Han and Cao, Zhao and Chen, Zhong and Chen, Bangdao and Roscoe, Bill},
  booktitle={2018 IEEE/ACM 40th International Conference on Software Engineering: Companion (ICSE-Companion)},
  pages={65--68},
  year={2018},
  organization={IEEE}
}

@inproceedings{li2020research-71,
  title={Research on Blockchain Smart Contracts Vulnerability and A Code Audit Tool based on Matching Rules},
  author={Li, Ziyuan and Guo, Wangshu and Xu, Quan and Xu, Yingjie and Wang, Huimei and Xian, Ming},
  booktitle={Proceedings of the 2020 International Conference on Cyberspace Innovation of Advanced Technologies},
  pages={484--489},
  year={2020}
}

@inproceedings{li2020safepay-72,
  title={SafePay on Ethereum: A Framework For Detecting Unfair Payments in Smart Contracts},
  author={Li, Yue and Liu, Han and Yang, Zhiqiang and Ren, Qian and Wang, Lei and Chen, Bangdao},
  booktitle={2020 IEEE 40th International Conference on Distributed Computing Systems (ICDCS)},
  pages={1219--1222},
  year={2020},
  organization={IEEE}
}

@inproceedings{albert2019safevm-73,
  title={SAFEVM: a safety verifier for Ethereum smart contracts},
  author={Albert, Elvira and Correas, Jes{\'u}s and Gordillo, Pablo and Rom{\'a}n-D{\'\i}ez, Guillermo and Rubio, Albert},
  booktitle={Proceedings of the 28th ACM SIGSOFT International Symposium on Software Testing and Analysis},
  pages={386--389},
  year={2019}
}

@inproceedings{chang2019scompile-74,
  title={SCompile: Critical path identification and analysis for smart contracts},
  author={Chang, Jialiang and Gao, Bo and Xiao, Hao and Sun, Jun and Cai, Yan and Yang, Zijiang},
  booktitle={International Conference on Formal Engineering Methods},
  pages={286--304},
  year={2019},
  organization={Springer}
}

@inproceedings{hao2020scscan-75,
  title={SCScan: A SVM-based Scanning System for Vulnerabilities in Blockchain Smart Contracts},
  author={Hao, Xiaohan and Ren, Wei and Zheng, Wenwen and Zhu, Tianqing},
  booktitle={2020 IEEE 19th International Conference on Trust, Security and Privacy in Computing and Communications (TrustCom)},
  pages={1598--1605},
  year={2020},
  organization={IEEE}
}

@inproceedings{tsankov2018securify-76,
  title={Securify: Practical security analysis of smart contracts},
  author={Tsankov, Petar and Dan, Andrei and Drachsler-Cohen, Dana and Gervais, Arthur and Buenzli, Florian and Vechev, Martin},
  booktitle={Proceedings of the 2018 ACM SIGSAC Conference on Computer and Communications Security},
  pages={67--82},
  year={2018}
}

@inproceedings{li2020securing-77,
  title={Securing smart contract with runtime validation},
  author={Li, Ao and Choi, Jemin Andrew and Long, Fan},
  booktitle={Proceedings of the 41st ACM SIGPLAN Conference on Programming Language Design and Implementation},
  pages={438--453},
  year={2020}
}

@inproceedings{kongmanee2019securing-78,
  title={Securing Smart Contracts in Blockchain},
  author={Kongmanee, Jaturong and Kijsanayothin, Phongphun and Hewett, Rattikorn},
  booktitle={2019 34th IEEE/ACM International Conference on Automated Software Engineering Workshop (ASEW)},
  pages={69--76},
  year={2019},
  organization={IEEE}
}

@inproceedings{zhou2018security-79,
  title={Security assurance for smart contract},
  author={Zhou, Ence and Hua, Song and Pi, Bingfeng and Sun, Jun and Nomura, Yashihide and Yamashita, Kazuhiro and Kurihara, Hidetoshi},
  booktitle={2018 9th IFIP International Conference on New Technologies, Mobility and Security (NTMS)},
  pages={1--5},
  year={2018},
  organization={IEEE}
}

@inproceedings{peng2019sif-80,
  title={SIF: A framework for solidity contract instrumentation and analysis},
  author={Peng, Chao and Akca, Sefa and Rajan, Ajitha},
  booktitle={2019 26th Asia-Pacific Software Engineering Conference (APSEC)},
  pages={466--473},
  year={2019},
  organization={IEEE}
}

@inproceedings{feist2019slither-81,
  title={Slither: a static analysis framework for smart contracts},
  author={Feist, Josselin and Grieco, Gustavo and Groce, Alex},
  booktitle={2019 IEEE/ACM 2nd International Workshop on Emerging Trends in Software Engineering for Blockchain (WETSEB)},
  pages={8--15},
  year={2019},
  organization={IEEE}
}

@inproceedings{tian2019smart-82,
  title={Smart Contract Defect Detection Based on Parallel Symbolic Execution},
  author={Tian, Zemin},
  booktitle={2019 3rd International Conference on Circuits, System and Simulation (ICCSS)},
  pages={127--132},
  year={2019},
  organization={IEEE}
}

@article{yu2020smart-83,
  title={Smart contract repair},
  author={Yu, Xiao Liang and Al-Bataineh, Omar and Lo, David and Roychoudhury, Abhik},
  journal={ACM Transactions on Software Engineering and Methodology (TOSEM)},
  volume={29},
  number={4},
  pages={1--32},
  year={2020},
  publisher={ACM New York, NY, USA}
}

@inproceedings{zhuangsmart-84,
 author={Zhuang, Y. and Liu, Z. and Qian, P. and Liu, Q. and Wang, X. and He, Q.},
 title={Smart contract vulnerability detection using graph neural networks},
 booktitle={Proceedings of the Twenty-Ninth International Joint Conference on Artificial Intelligence (IJCAI-20)},
 pages={3283-3290},
 year={2020}
}

@inproceedings{tikhomirov2018smartcheck-85,
  title={Smartcheck: Static analysis of ethereum smart contracts},
  author={Tikhomirov, Sergei and Voskresenskaya, Ekaterina and Ivanitskiy, Ivan and Takhaviev, Ramil and Marchenko, Evgeny and Alexandrov, Yaroslav},
  booktitle={Proceedings of the 1st International Workshop on Emerging Trends in Software Engineering for Blockchain},
  pages={9--16},
  year={2018}
}

@inproceedings{zhang2020smartshield-86,
  title={Smartshield: Automatic smart contract protection made easy},
  author={Zhang, Yuyao and Ma, Siqi and Li, Juanru and Li, Kailai and Nepal, Surya and Gu, Dawu},
  booktitle={2020 IEEE 27th International Conference on Software Analysis, Evolution and Reengineering (SANER)},
  pages={23--34},
  year={2020},
  organization={IEEE}
}

@inproceedings{alt2018smt-87,
  title={SMT-based verification of solidity smart contracts},
  author={Alt, Leonardo and Reitwiessner, Christian},
  booktitle={International Symposium on Leveraging Applications of Formal Methods},
  pages={376--388},
  year={2018},
  organization={Springer}
}

@inproceedings{akca2019solanalyser-88,
  title={SolAnalyser: A Framework for Analysing and Testing Smart Contracts},
  author={Akca, Sefa and Rajan, Ajitha and Peng, Chao},
  booktitle={2019 26th Asia-Pacific Software Engineering Conference (APSEC)},
  pages={482--489},
  year={2019},
  organization={IEEE}
}

@inproceedings{hajdu2019solc-89,
  title={Solc-verify: A modular verifier for Solidity smart contracts},
  author={Hajdu, {\'A}kos and Jovanovi{\'c}, Dejan},
  booktitle={Working Conference on Verified Software: Theories, Tools, and Experiments},
  pages={161--179},
  year={2019},
  organization={Springer}
}

@inproceedings{liao2019soliaudit-90,
  title={SoliAudit: Smart contract vulnerability assessment based on machine learning and fuzz testing},
  author={Liao, Jian-Wei and Tsai, Tsung-Ta and He, Chia-Kang and Tien, Chin-Wei},
  booktitle={2019 Sixth International Conference on Internet of Things: Systems, Management and Security (IOTSMS)},
  pages={458--465},
  year={2019},
  organization={IEEE}
}

@inproceedings{lai2020static-91,
  title={Static analysis of integer overflow of smart contracts in ethereum},
  author={Lai, Enmei and Luo, Wenjun},
  booktitle={Proceedings of the 2020 4th International Conference on Cryptography, Security and Privacy},
  pages={110--115},
  year={2020}
}

@inproceedings{feng2020summary-92,
  title={Summary-Based Symbolic Evaluation for Smart Contracts},
  author={Feng, Yu and Torlak, Emina and Bodik, Rastislav},
  booktitle={2020 35th IEEE/ACM International Conference on Automated Software Engineering (ASE)},
  pages={1141--1152},
  year={2020},
  organization={IEEE}
}

@inproceedings{krupp2018teether-93,
  title={Teether: Gnawing at ethereum to automatically exploit smart contracts},
  author={Krupp, Johannes and Rossow, Christian},
  booktitle={27th $\{$USENIX$\}$ Security Symposium ($\{$USENIX$\}$ Security 18)},
  pages={1317--1333},
  year={2018}
}

@inproceedings{torres2019art-94,
  title={The art of the scam: Demystifying honeypots in ethereum smart contracts},
  author={Torres, Christof Ferreira and Steichen, Mathis and others},
  booktitle={28th USENIX Security Symposium (USENIX Security 19)},
  pages={1591--1607},
  year={2019}
}

@inproceedings{mavridou2018tool-95,
  title={Tool demonstration: FSolidM for designing secure Ethereum smart contracts},
  author={Mavridou, Anastasia and Laszka, Aron},
  booktitle={International conference on principles of security and trust},
  pages={270--277},
  year={2018},
  organization={Springer}
}

@article{qian2020towards-96,
  title={Towards automated reentrancy detection for smart contracts based on sequential models},
  author={Qian, Peng and Liu, Zhenguang and He, Qinming and Zimmermann, Roger and Wang, Xun},
  journal={IEEE Access},
  volume={8},
  pages={19685--19695},
  year={2020},
  publisher={IEEE}
}

@inproceedings{liu2020towards-97,
  title={Towards automated verification of smart contract fairness},
  author={Liu, Ye and Li, Yi and Lin, Shang-Wei and Zhao, Rong},
  booktitle={Proceedings of the 28th ACM Joint Meeting on European Software Engineering Conference and Symposium on the Foundations of Software Engineering},
  pages={666--677},
  year={2020}
}

@inproceedings{chen2018towards-98,
  title={Towards saving money in using smart contracts},
  author={Chen, Ting and Li, Zihao and Zhou, Hao and Chen, Jiachi and Luo, Xiapu and Li, Xiaoqi and Zhang, Xiaosong},
  booktitle={2018 IEEE/ACM 40th International Conference on Software Engineering: New Ideas and Emerging Technologies Results (ICSE-NIER)},
  pages={81--84},
  year={2018},
  organization={IEEE}
}

@inproceedings{amani2018towards-99,
  title={Towards verifying ethereum smart contract bytecode in Isabelle/HOL},
  author={Amani, Sidney and B{\'e}gel, Myriam and Bortin, Maksym and Staples, Mark},
  booktitle={Proceedings of the 7th ACM SIGPLAN International Conference on Certified Programs and Proofs},
  pages={66--77},
  year={2018}
}

@inproceedings{ahrendt2019verification-100,
  title={Verification of smart contract business logic},
  author={Ahrendt, Wolfgang and Bubel, Richard and Ellul, Joshua and Pace, Gordon J and Pardo, Ra{\'u}l and Rebiscoul, Vincent and Schneider, Gerardo},
  booktitle={International Conference on Fundamentals of Software Engineering},
  pages={228--243},
  year={2019},
  organization={Springer}
}

@inproceedings{nelaturu2020verified-101,
  title={Verified development and deployment of multiple interacting smart contracts with VeriSolid},
  author={Nelaturu, Keerthi and Mavridoul, Anastasia and Veneris, Andreas and Laszka, Aron},
  booktitle={2020 IEEE International Conference on Blockchain and Cryptocurrency (ICBC)},
  pages={1--9},
  year={2020},
  organization={IEEE}
}

@inproceedings{so2020verismart-102,
  title={VeriSmart: A highly precise safety verifier for Ethereum smart contracts},
  author={So, Sunbeom and Lee, Myungho and Park, Jisu and Lee, Heejo and Oh, Hakjoo},
  booktitle={2020 IEEE Symposium on Security and Privacy (SP)},
  pages={1678--1694},
  year={2020},
  organization={IEEE}
}

@inproceedings{mavridou2019verisolid-103,
  title={VeriSolid: Correct-by-design smart contracts for Ethereum},
  author={Mavridou, Anastasia and Laszka, Aron and Stachtiari, Emmanouela and Dubey, Abhishek},
  booktitle={International Conference on Financial Cryptography and Data Security},
  pages={446--465},
  year={2019},
  organization={Springer}
}

@inproceedings{permenev2020verx-104,
  title={Verx: Safety verification of smart contracts},
  author={Permenev, Anton and Dimitrov, Dimitar and Tsankov, Petar and Drachsler-Cohen, Dana and Vechev, Martin},
  booktitle={2020 IEEE Symposium on Security and Privacy (SP)},
  pages={1661--1677},
  year={2020},
  organization={IEEE}
}
%%%%%%%%%%%%%%%%%%%%%%%%%%%%%%%%%%%%%%%%%%%%%%%%%%%%%%%%%%%%%%%%%%%%%
%%%%%%%%%%%%%%%%%%
%%%%%%%%%%%%%%%%%%
%%%%%%%%%%%%%%%%%%
%%%%%%%%%%%%%%%%%%
%%%%%%%%%%%
%Revisões sistemáticas sobre segurança e vulnerabilidades de SC
%%%%%%%%%%%
@article{chen2020survey-ethereum-acm,
author = {Chen, Huashan and Pendleton, Marcus and Njilla, Laurent and Xu, Shouhuai},
title = {A Survey on Ethereum Systems Security: Vulnerabilities, Attacks, and Defenses},
year = {2020},
issue_date = {June 2020},
publisher = {Association for Computing Machinery},
address = {New York, NY, USA},
volume = {53},
number = {3},
issn = {0360-0300},
url = {https://doi.org/10.1145/3391195},
doi = {10.1145/3391195},
journal = {ACM Comput. Surv.},
month = jun,
articleno = {67},
numpages = {43},
keywords = {Ethereum, security, Blockchain, smart contract}
}

%%%%%%%%%
%OVERVIEW SOBRE BLOCKCHAIN E ALGORITMOS DE CONSENSO
%%%%%%%%%
@ARTICLE{consenso-xiao-2020,  
author={Y. Xiao and N. Zhang and W. Lou and Y. T. Hou},  journal={IEEE Communications Surveys   Tutorials},   title={A Survey of Distributed Consensus Protocols for Blockchain Networks},   year={2020},  volume={22},  number={2},  pages={1432-1465},  doi={10.1109/COMST.2020.2969706}
}

@ARTICLE{overview-dinh-2018,  
author={T. T. A. Dinh and R. Liu and M. Zhang and G. Chen and B. C. Ooi and J. Wang},  journal={IEEE Transactions on Knowledge and Data Engineering},   title={Untangling Blockchain: A Data Processing View of Blockchain Systems},   year={2018},  volume={30},  number={7},  pages={1366-1385},  doi={10.1109/TKDE.2017.2781227}
}

@inproceedings{overview-ahmed-2019,
author = {Ahmed, Moneeb and Elahi, Ihsan and Abrar, Muhammad and Aslam, Umair and Khalid, Iqra and Habib, Muhammad Asif},
title = {Understanding Blockchain: Platforms, Applications and Implementation Challenges},
year = {2019},
isbn = {9781450371636},
publisher = {Association for Computing Machinery},
address = {New York, NY, USA},
url = {https://doi.org/10.1145/3341325.3342033},
doi = {10.1145/3341325.3342033},
booktitle = {Proceedings of the 3rd International Conference on Future Networks and Distributed Systems},
articleno = {35},
numpages = {8},
keywords = {consensus algorithm, hyperledger, ethereum, steemit, blockchain, bitcoin, smart contract, cryptokitties},
location = {Paris, France},
series = {ICFNDS '19}
}

@ARTICLE{consenso-Bouraga2021,
author={Bouraga, S.},
title={A taxonomy of blockchain consensus protocols: A survey and classification framework},
journal={Expert Systems with Applications},
year={2021},
volume={168},
doi={10.1016/j.eswa.2020.114384},
art_number={114384},
doi={10.1016/j.eswa.2020.114384},
publisher={Elsevier Ltd},
document_type={Article},
source={Scopus}
}

@article{wang2019survey-consenso,
  title={A survey on consensus mechanisms and mining strategy management in blockchain networks},
  author={Wang, Wenbo and Hoang, Dinh Thai and Hu, Peizhao and Xiong, Zehui and Niyato, Dusit and Wang, Ping and Wen, Yonggang and Kim, Dong In},
  journal={IEEE Access},
  volume={7},
  pages={22328--22370},
  year={2019},
  publisher={IEEE}
}

@article{overview-crosby2016blockchain,
  title={Blockchain technology: Beyond bitcoin},
  author={Crosby, Michael and Pattanayak, Pradan and Verma, Sanjeev and Kalyanaraman, Vignesh and others},
  journal={Applied Innovation},
  volume={2},
  number={6-10},
  pages={71},
  year={2016}
}

@article{overview-blockchain-underwood2016,
author = {Underwood, Sarah},
title = {Blockchain beyond Bitcoin},
year = {2016},
issue_date = {November 2016},
publisher = {Association for Computing Machinery},
address = {New York, NY, USA},
volume = {59},
number = {11},
issn = {0001-0782},
url = {https://doi.org/10.1145/2994581},
doi = {10.1145/2994581},
journal = {Commun. ACM},
month = oct,
pages = {15–17},
numpages = {3}
}

@techreport{overview-bitcoin2008nakamoto,
  title={Bitcoin: A peer-to-peer electronic cash system},
  author={Nakamoto, Satoshi},
  year={2008},
  url={https://bitcoin.org/bitcoin.pdf},
  note={Acesso em: 29 jan. 2021}
}

@techreport{ethereum2014whitepaper,
 tltle={A Next-Generation Smart Contract and Decentralized Application Platform},
 author={Buterin, Vitalik},
 year={2014},
 url={https://ethereum.org/en/whitepaper/},
 note={Acesso em: 29 jan. 2021}
}

@misc{overview-blockchainbasic2018drescher,
  title={Blockchain basics: a non-technical introduction in 25 steps},
  author={Drescher, Daniel},
  year={2017},
  publisher={Apress}
}

@ARTICLE{overview-bitcoin-energy2014,
   author = {K.J. O&apos;Dwyer},
   affiliation = {Hamilton Inst., Nat. Univ. of Ireland, Maynooth},
   author = {D. Malone},
   affiliation = {Hamilton Inst., Nat. Univ. of Ireland, Maynooth},
   keywords = {monetary transactions;energy footprint;electricity consumption;Ireland;digital cryptocurrency;bitcoin concept;energy cost;bitcoin mining;},
   language = {English},
   title = {Bitcoin Mining and its Energy Footprint},
   journal = {IET Conference Proceedings},
   year = {2014},
   month = {January},
   pages = {280-285(5)},
   publisher ={Institution of Engineering and Technology}
}

@article{overview-pos-king2012ppcoin,
  title={Ppcoin: Peer-to-peer crypto-currency with proof-of-stake},
  author={King, Sunny and Nadal, Scott},
  url={https://www.peercoin.net/whitepapers/peercoin-paper.pdf},
  note={Acesso em: 05 fev. 2021},
  year={2012}
}

@inproceedings{overview-byzantine1999castro,
  title={Practical byzantine fault tolerance},
  author={Castro, Miguel and Liskov, Barbara},
  booktitle={OSDI},
  volume={99},
  number={1999},
  pages={173--186},
  year={1999}
}

@article{consenso-zhang2020analysis,
  title={Analysis of the main consensus protocols of blockchain},
  author={Zhang, Shijie and Lee, Jong-Hyouk},
  journal={ICT express},
  volume={6},
  number={2},
  pages={93--97},
  year={2020},
  publisher={Elsevier}
}

@inproceedings{overview-hyperledger2018androulaki,
author = {Androulaki, Elli and Barger, Artem and Bortnikov, Vita and Cachin, Christian and Christidis, Konstantinos and De Caro, Angelo and Enyeart, David and Ferris, Christopher and Laventman, Gennady and Manevich, Yacov and Muralidharan, Srinivasan and Murthy, Chet and Nguyen, Binh and Sethi, Manish and Singh, Gari and Smith, Keith and Sorniotti, Alessandro and Stathakopoulou, Chrysoula and Vukoli\'{c}, Marko and Cocco, Sharon Weed and Yellick, Jason},
title = {Hyperledger Fabric: A Distributed Operating System for Permissioned Blockchains},
year = {2018},
isbn = {9781450355841},
publisher = {Association for Computing Machinery},
address = {New York, NY, USA},
url = {https://doi.org/10.1145/3190508.3190538},
doi = {10.1145/3190508.3190538},
booktitle = {Proceedings of the Thirteenth EuroSys Conference},
articleno = {30},
numpages = {15},
location = {Porto, Portugal},
series = {EuroSys '18}
}

@article{overview-stellar2015mazieres,
  title={The stellar consensus protocol: A federated model for internet-level consensus},
  author={Mazieres, David},
  url={https://www.stellar.org/papers/stellar-consensus-protocol},
  journal={Stellar Development Foundation},
  volume={32},
  year={2015},
  publisher={Citeseer}
}

@article{overview-schwartz2014ripple,
  title={The ripple protocol consensus algorithm},
  author={Schwartz, David and Youngs, Noah and Britto, Arthur},
  journal={Ripple Labs Inc White Paper},
  url={https://cryptoguide.ch/cryptocurrency/ripple/whitepaper.pdf},
  volume={5},
  number={8},
  pages={151},
  year={2014}
}

@INPROCEEDINGS{overview-consenso2017sankar,
  author={L. S. Sankar and M. Sindhu and M. Sethumadhavan},
  booktitle={2017 4th International Conference on Advanced Computing and Communication Systems (ICACCS)}, 
  title={Survey of consensus protocols on blockchain applications}, 
  year={2017},
  pages={1-5},
  doi={10.1109/ICACCS.2017.8014672}
}

@article{brown2016corda,
  title={Corda: an introduction},
  author={Brown, Richard Gendal and Carlyle, James and Grigg, Ian and Hearn, Mike},
  journal={R3 CEV, August},
  volume={1},
  pages={15},
  year={2016}
}

@article{wood2014ethereum-yellow-paper,
  title={Ethereum: A secure decentralised generalised transaction ledger},
  author={Wood, Gavin},
  journal={Ethereum project yellow paper},
  volume={151},
  number={2014},
  pages={1--32},
  year={2014}
}

@ARTICLE{survey-Hewa2021smart-contract,
author={Hewa, T. and Ylianttila, M. and Liyanage, M.},
title={Survey on blockchain based smart contracts: Applications, opportunities and challenges},
journal={Journal of Network and Computer Applications},
year={2021},
volume={177},
doi={10.1016/j.jnca.2020.102857},
art_number={102857},
document_type={Review},
source={Scopus}
}

@article{overview-chen2020blockchain-graph,
author={Chen, Ting and Li, Zihao and Zhu, Yuxiao and Chen, Jiachi and Luo, Xiapu and Lui, John Chi-Shing and Lin, Xiaodong and Zhang, Xiaosong},
doi = {10.1145/3381036},
issn = {15576051},
journal = {ACM Transactions on Internet Technology},
number = {2},
publisher = {Association for Computing Machinery},
title = {Understanding Ethereum via Graph Analysis},
volume = {20},
year = {2020}
}

@manual{solidity-documentation,
title={Solidity documentation},
url={https://readthedocs.org/projects/solidity/},
note={Acesso em: 16 fev. 2021}
}

@article{overview-syed2019comparative,
  title={A comparative analysis of blockchain architecture and its applications: Problems and recommendations},
  author={Syed, Toqeer Ali and Alzahrani, Ali and Jan, Salman and Siddiqui, Muhammad Shoaib and Nadeem, Adnan and Alghamdi, Turki},
  journal={IEEE access},
  volume={7},
  pages={176838--176869},
  year={2019},
  publisher={IEEE}
}

@article{overview-smartcontracts2020zheng,
title = {An overview on smart contracts: Challenges, advances and platforms},
journal = {Future Generation Computer Systems},
volume = {105},
pages = {475-491},
year = {2020},
issn = {0167-739X},
doi = {https://doi.org/10.1016/j.future.2019.12.019},
author = {Zibin Zheng and Shaoan Xie and Hong-Ning Dai and Weili Chen and Xiangping Chen and Jian Weng and Muhammad Imran}
}

@misc{etherscan2020contracts,
author={},
title={Etherscan: The Ethereum Blockchain Explorer},
year={2021},
url={https://etherscan.io/accounts},
note={Acesso em: 17 fev. 2021}
}

@misc{coinmarketcap2021,
title={CoinMarketCap: Today's Cryptocurrency Prices by Market Cap},
year={2021},
url={https://coinmarketcap.com/},
note={Acesso em: 17 fev. 2021}
}

@misc{ethereum-homestead2020documentation,
author={{ETHEREUM COMMUNITY}},
title={Ethereum Homestead Documentation},
year={2018},
url={https://ethdocs.org/en/latest/},
note={Acesso em: 20 fev. 2021}
}

@misc{solidity-v7.4-documentation,
author={},
title={Solidity version 0.7.4 documentation},
year={2020},
url={https://docs.soliditylang.org/en/v0.7.4/index.html},
note={Acesso em: 21 fev. 2021}
}

@misc{consensys2021bestpractices,
  title={Ethereum Smart Contract Best Practices},
  author={{CONSENSYS DILIGENCE}},
  year={2021},
  url={https://consensys.github.io/smart-contract-best-practices/},
  note={Acesso em: 20 fev. 2021}
}

@misc{solidity-v5.9-documentation,
author={},
title={Solidity version 0.5.9 documentation},
year={2019},
url={https://docs.soliditylang.org/en/v0.5.9/},
note={Acesso em: 02 mar. 2021}
}

@inproceedings{sompolinsky2015ghost-original,
  title={Secure high-rate transaction processing in bitcoin},
  author={Sompolinsky, Yonatan and Zohar, Aviv},
  booktitle={International Conference on Financial Cryptography and Data Security},
  pages={507--527},
  year={2015},
  organization={Springer}
}

@article{maesa2020blockchain3.0,
  title={Blockchain 3.0 applications survey},
  author={Maesa, Damiano Di Francesco and Mori, Paolo},
  journal={Journal of Parallel and Distributed Computing},
  volume={138},
  pages={99--114},
  year={2020},
  publisher={Elsevier}
}

@book{swan2015blockchain-book,
  title={Blockchain: Blueprint for a New Economy},
  author={Swan, M.},
  isbn={9781491920473},
  lccn={2015303288},
  year={2015},
  publisher={O'Reilly Media}
}

@INPROCEEDINGS{angelo2020tokens,
  author={M. {DI ANGELO} and G. Salzer},
  booktitle={2020 IEEE International Conference on Decentralized Applications and Infrastructures (DAPPS)}, 
  title={Tokens, Types, and Standards: Identification and Utilization in Ethereum}, 
  year={2020},
  pages={1-10},
  doi={10.1109/DAPPS49028.2020.00001}
  }
  
@ARTICLE{monrat2019survey-blockchain-ieee,
author={A. A. Monrat and O. Schelén and K. Andersson},
journal={IEEE Access}, 
title={A Survey of Blockchain From the Perspectives of Applications, Challenges, and Opportunities}, 
year={2019},
volume={7},
pages={117134-117151},
doi={10.1109/ACCESS.2019.2936094}
}

@misc{tether-site,
title={Tether: Digital money for a digital age},
url={https://tether.to/},
note={Acesso em: 23 fev. 2021}
}

@misc{usdcoin-site,
title={USDC: the world's leading digital dollar stablecoin},
url={https://www.circle.com/en/usdc},
note={Acesso em: 23 fev. 2021}
}

@misc{chainlink-site,
title={Chainlink: Connect your smart contract to the outside world},
url={https://chain.link/},
note={Acesso em: 23 fev. 2021}
}

@misc{aave-site,
title={Aave: The liquidity protocol},
url={https://aave.com/},
note={Acesso em: 23 fev. 2021}
}

@misc{paxgold-whitepaper,
author={Charles Cascarilla},
title={Pax Gold white paper},
year={2019},
url={https://www.paxos.com/pax-gold-whitepaper},
note={Acesso em: 23 fev. 2021}
}

@misc{wibx-site,
title={WiBX: Crypto jumping coin},
url={https://www.wibx.io/},
note={Acesso em: 23 fev. 2021}
}

@misc{mco2-moss-whitepaper,
title={MOSS: MCO2 token},
url={v.fastcdn.co/u/f3b4407f/54475626-0-Moss-white-paper-eng.pdf},
note={Acesso em: 23 fev. 2021}
}

@ARTICLE{wang2019DAO-survey,
author={S. Wang and W. Ding and J. Li and Y. Yuan and L. Ouyang and F. Wang},
journal={IEEE Transactions on Computational Social Systems}, 
title={Decentralized Autonomous Organizations: Concept, Model, and Applications}, 
year={2019},
volume={6},
number={5},
pages={870-878},
doi={10.1109/TCSS.2019.2938190}
}

@misc{siegel-dao-attack,
author={David Siegel},
title={Understanding The DAO Attack},
year={2020},
url={https://www.coindesk.com/understanding-dao-hack-journalists},
note={Acesso em: 24 fev. 2021}
}

@article{liu2019survey-ieeeaccess,
  title={A survey on security verification of blockchain smart contracts},
  author={Liu, Jing and Liu, Zhentian},
  journal={IEEE Access},
  volume={7},
  pages={77894--77904},
  year={2019},
  publisher={IEEE}
}

@inproceedings{atzei2017survey-attacks-sok,
  title={A survey of attacks on ethereum smart contracts (sok)},
  author={Atzei, Nicola and Bartoletti, Massimo and Cimoli, Tiziana},
  booktitle={International conference on principles of security and trust},
  pages={164--186},
  year={2017},
  organization={Springer}
}

@article{mcghin2019blockchain-survey-health,
title={Blockchain in healthcare applications: Research challenges and opportunities},
author={McGhin, Thomas and Choo, Kim-Kwang Raymond and Liu, Charles Zhechao and He, Debiao},
journal={Journal of Network and Computer Applications},
volume={135},
pages={62--75},
year={2019},
publisher={Elsevier}
}

@article{erikson2020survey-health,
title={A survey of blockchain-based strategies for healthcare},
author={De Aguiar, Erikson J{\'u}lio and Fai{\c{c}}al, Bruno S and Krishnamachari, Bhaskar and Ueyama, J{\'o}},
journal={ACM Computing Surveys (CSUR)},
volume={53},
number={2},
pages={1--27},
year={2020},
publisher={ACM New York, NY, USA}
}

@misc{oms2017medicamentos,
author={WHO},
year={2017},
title={Substandard and Falsified Medical Products},
url={https://www.who.int/news-room/fact-sheets/detail/substandard-and-falsified-medical-products},
note={Acesso em: 25 fev. 2021}
}

@inproceedings{ekblaw2016case-medrec,
  title={A Case Study for Blockchain in Healthcare:“MedRec” prototype for electronic health records and medical research data},
  author={Ekblaw, Ariel and Azaria, Asaph and Halamka, John D and Lippman, Andrew},
  booktitle={Proceedings of IEEE open \& big data conference},
  volume={13},
  pages={13},
  year={2016}
}

@article{szabo1997smart-contract, 
title={Formalizing and Securing Relationships on Public Networks}, 
volume={2}, 
url={https://journals.uic.edu/ojs/index.php/fm/article/view/548}, 
DOI={10.5210/fm.v2i9.548}, 
number={9}, 
journal={First Monday}, 
author={Szabo, Nick}, 
year={1997}, 
month={Sep.} 
}

@incollection{bocek2018smart-blockchain-wings,
  title={Smart contracts--blockchains in the wings},
  author={Bocek, Thomas and Stiller, Burkhard},
  booktitle={Digital marketplaces unleashed},
  pages={169--184},
  year={2018},
  publisher={Springer}
}

@article{zhang2019blockchain-security-acmcs,
author = {Zhang, Rui and Xue, Rui and Liu, Ling},
title = {Security and Privacy on Blockchain},
year = {2019},
issue_date = {July 2019},
publisher = {Association for Computing Machinery},
address = {New York, NY, USA},
volume = {52},
number = {3},
issn = {0360-0300},
url = {https://doi.org/10.1145/3316481},
doi = {10.1145/3316481},
journal = {ACM Comput. Surv.},
month = jul,
articleno = {51},
numpages = {34},
keywords = {security, privacy, Blockchain}
}

@article{sayeed2020smart-attacks-ieee,
  title={Smart contract: Attacks and protections},
  author={Sayeed, Sarwar and Marco-Gisbert, Hector and Caira, Tom},
  journal={IEEE Access},
  volume={8},
  pages={24416--24427},
  year={2020},
  publisher={IEEE}
}

@article{kannengiesser2020trade-offs-acmcs,
  title={Trade-offs between distributed ledger technology characteristics},
  author={Kannengie{\ss}er, Niclas and Lins, Sebastian and Dehling, Tobias and Sunyaev, Ali},
  journal={ACM Computing Surveys (CSUR)},
  volume={53},
  number={2},
  pages={1--37},
  year={2020},
  publisher={ACM New York, NY, USA}
}

@article{varela2021smart-languages-acmcs,
  title={Smart Contract Languages: A Multivocal Mapping Study},
  author={Varela-Vaca, {\'A}ngel Jes{\'u}s and Quintero, Antonia M Reina},
  journal={ACM Computing Surveys (CSUR)},
  volume={54},
  number={1},
  pages={1--38},
  year={2021},
  publisher={ACM New York, NY, USA}
}

@article{casino2019block-app-survey-elsevier,
  title={A systematic literature review of blockchain-based applications: current status, classification and open issues},
  author={Casino, Fran and Dasaklis, Thomas K and Patsakis, Constantinos},
  journal={Telematics and informatics},
  volume={36},
  pages={55--81},
  year={2019},
  publisher={Elsevier}
}

@ARTICLE{salah2019review-blockchain-ai,
author={K. Salah and M. H. U. Rehman and N. Nizamuddin and A. Al-Fuqaha},
journal={IEEE Access}, 
title={Blockchain for {AI}: Review and Open Research Challenges}, 
year={2019},
volume={7},
number={},
pages={10127-10149},
doi={10.1109/ACCESS.2018.2890507}
}

@article{singh2020survey-vulnerabilities-elsevier,
  title={Blockchain smart contracts formalization: Approaches and challenges to address vulnerabilities},
  author={Singh, Amritraj and Parizi, Reza M and Zhang, Qi and Choo, Kim-Kwang Raymond and Dehghantanha, Ali},
  journal={Computers \& Security},
  volume={88},
  pages={101654},
  year={2020},
  publisher={Elsevier}
}

@article{guo2021blockchain-bibliometric,
  title={A bibliometric analysis and visualization of blockchain},
  author={Guo, Yi-Ming and Huang, Zhen-Ling and Guo, Ji and Guo, Xing-Rong and Li, Hua and Liu, Meng-Yu and Ezzeddine, Safa and Nkeli, Mpeoane Judith},
  journal={Future Generation Computer Systems},
  volume={116},
  pages={316--332},
  year={2021},
  publisher={Elsevier}
}



@book{tanembaum2007sistemas,
  title={Sistemas Distribu{\'\i}dos-Princ{\'\i}pios e Paradigmas},
  author={Tanembaum, Andrew S and Van Steen, M},
  year={2007},
  publisher={Person Prentice-Hall}
}

@book{marion1985contabilidade,
  title={Contabilidade basica},
  author={Marion, J.C.},
  isbn={9788547210236},
  year={1985},
  publisher={Atlas}
}

@article{dworkin2015sha3,
  title={SHA-3 standard: Permutation-based hash and extendable-output functions},
  author={Dworkin, Morris J},
  year={2015}
}

@misc{bertoni2020keccak,
  title={The keccak SHA-3 submission. Submission to NIST (Round 3)},
  author={Bertoni, Guido and Daemen, Joan and Peeters, Michael and Assche, GV},
  year={2011}
}

@article{koblitz1987elliptic-curve,
  title={Elliptic curve cryptosystems},
  author={Koblitz, Neal},
  journal={Mathematics of computation},
  volume={48},
  number={177},
  pages={203--209},
  year={1987}
}

@article{johnson2001elliptic-ethereum,
  title={The elliptic curve digital signature algorithm (ECDSA)},
  author={Johnson, Don and Menezes, Alfred and Vanstone, Scott},
  journal={International journal of information security},
  volume={1},
  number={1},
  pages={36--63},
  year={2001},
  publisher={Springer}
}

@article{fan2020performance,
  title={Performance Evaluation of Blockchain Systems: A Systematic Survey},
  author={Fan, Caixiang and Ghaemi, Sara and Khazaei, Hamzeh and Musilek, Petr},
  journal={IEEE Access},
  volume={8},
  pages={126927--126950},
  year={2020},
  publisher={IEEE}
}

@article{zhu2019iot-applications,
  title={Applications of distributed ledger technologies to the internet of things: A survey},
  author={Zhu, Qingyi and Loke, Seng W and Trujillo-Rasua, Rolando and Jiang, Frank and Xiang, Yong},
  journal={ACM computing surveys (CSUR)},
  volume={52},
  number={6},
  pages={1--34},
  year={2019},
  publisher={ACM New York, NY, USA}
}

@article{almakhour2020verification-survey,
  title={Verification of smart contracts: A survey},
  author={Almakhour, Mouhamad and Sliman, Layth and Samhat, Abed Ellatif and Mellouk, Abdelhamid},
  journal={Pervasive and Mobile Computing},
  pages={101227},
  year={2020},
  publisher={Elsevier}
}

@article{kim2020automated-test-sc,
  title={Automated Generation of Test Cases for Smart Contract Security Analyzers},
  author={Kim, Ki Byung and Lee, Jonghyup},
  journal={IEEE Access},
  volume={8},
  pages={209377--209392},
  year={2020},
  publisher={IEEE}
}

@article{vacca2020systematic,
  title={A systematic literature review of blockchain and smart contract development: Techniques, tools, and open challenges},
  author={Vacca, Anna and Di Sorbo, Andrea and Visaggio, Corrado A and Canfora, Gerardo},
  journal={Journal of Systems and Software},
  pages={110891},
  year={2020},
  publisher={Elsevier}
}

@inproceedings{dika2018security,
  title={Security vulnerabilities in ethereum smart contracts},
  author={Dika, Ardit and Nowostawski, Mariusz},
  booktitle={2018 IEEE International Conference on Internet of Things (iThings) and IEEE Green Computing and Communications (GreenCom) and IEEE Cyber, Physical and Social Computing (CPSCom) and IEEE Smart Data (SmartData)},
  pages={955--962},
  year={2018},
  organization={IEEE}
}

@inproceedings{weiss2019annotary,
  title={Annotary: A concolic execution system for developing secure smart contracts},
  author={Weiss, Konrad and Sch{\"u}tte, Julian},
  booktitle={European Symposium on Research in Computer Security},
  pages={747--766},
  year={2019},
  organization={Springer}
}

@article{nakagawa2017revisao,
  title={Revis{\~a}o sistem{\'a}tica da literatura em engenharia de software: teoria e pr{\'a}tica},
  author={Nakagawa, Elisa Yumi and Scannavino, K{\'a}tia Romero Felizardo and Fabbri, Sandra Camargo Pinto Ferraz and Ferrari, Fabiano Cutigi},
  year={2017},
  publisher={Elsevier Brasil}
}

@article{kitchenham2007guidelines,
  title={Guidelines for performing systematic literature reviews in software engineering - version 2.3},
  author={Kitchenham, Barbara and Charters, Stuart},
  year={2007},
  publisher={Citeseer}
}

@book{clarke2018model,
  title={Model checking},
  author={{CLARKE JR}, Edmund M and Grumberg, Orna and Kroening, Daniel and Peled, Doron and Veith, Helmut},
  year={2018},
  publisher={MIT press}
}

@article{king1976symbolic,
  title={Symbolic execution and program testing},
  author={King, James C},
  journal={Communications of the ACM},
  volume={19},
  number={7},
  pages={385--394},
  year={1976},
  publisher={ACM New York, NY, USA}
}

@inproceedings{cousot2012formal,
  title={Formal verification by abstract interpretation},
  author={Cousot, Patrick},
  booktitle={NASA Formal Methods Symposium},
  pages={3--7},
  year={2012},
  organization={Springer}
}

@inproceedings{klees2018fuzz-evaluating,
  title={Evaluating fuzz testing},
  author={Klees, George and Ruef, Andrew and Cooper, Benji and Wei, Shiyi and Hicks, Michael},
  booktitle={Proceedings of the 2018 ACM SIGSAC Conference on Computer and Communications Security},
  pages={2123--2138},
  year={2018}
}

@book{antonopoulos2014mastering,
  title={Mastering Bitcoin: unlocking digital cryptocurrencies},
  author={Antonopoulos, Andreas M},
  year={2014},
  publisher={" O'Reilly Media, Inc."}
}

@inproceedings{petersen2008systematic,
  title={Systematic mapping studies in software engineering},
  author={Petersen, Kai and Feldt, Robert and Mujtaba, Shahid and Mattsson, Michael},
  booktitle={12th International Conference on Evaluation and Assessment in Software Engineering (EASE) 12},
  pages={1--10},
  year={2008}
}

@misc{knownattacks2018,
 title={Comprehensive list of known attack vectors and common anti-patterns},
 author={Adrian Manning},
 year={2018},
 url={https://github.com/sigp/solidity-security-blog},
 note={Acesso em: 17 mai. 2021}
}

@misc{paritywallet2017attack,
 title={The \$280M Ethereum’s Parity bug},
 author={Matt Suiche},
 year={2017},
 url={https://blog.comae.io/the-280m-ethereums-bug-f28e5de43513},
 note={Acesso em: 17 mai. 2021}
}

@inproceedings{destefanis2018smart-parity-wallet,
  title={Smart contracts vulnerabilities: a call for blockchain software engineering?},
  author={Destefanis, Giuseppe and Marchesi, Michele and Ortu, Marco and Tonelli, Roberto and Bracciali, Andrea and Hierons, Robert},
  booktitle={2018 International Workshop on Blockchain Oriented Software Engineering (IWBOSE)},
  pages={19--25},
  year={2018},
  organization={IEEE}
}

@article{zheng2006value-analysis,
  title={On the value of static analysis for fault detection in software},
  author={Zheng, Jiang and Williams, Laurie and Nagappan, Nachiappan and Snipes, Will and Hudepohl, John P and Vouk, Mladen A},
  journal={IEEE transactions on software engineering},
  volume={32},
  number={4},
  pages={240--253},
  year={2006},
  publisher={IEEE}
}

@incollection{peled2019formal-methods,
  title={Formal methods},
  author={Peled, Doron A},
  booktitle={Handbook of Software Engineering},
  pages={193--222},
  year={2019},
  publisher={Springer}
}

@article{ahrendt2016deductive-keybook,
  title={Deductive software verification--the key book},
  author={Ahrendt, Wolfgang and Beckert, Bernhard and Bubel, Richard and H{\"a}hnle, Reiner and Schmitt, Peter H and Ulbrich, Mattias},
  journal={Lecture Notes in Computer Science},
  volume={10001},
  year={2016},
  publisher={Springer}
}

@inproceedings{harrison2008theorem,
  title={Theorem proving for verification (invited tutorial)},
  author={Harrison, John},
  booktitle={International Conference on Computer Aided Verification},
  pages={11--18},
  year={2008},
  organization={Springer}
}

@book{huth2004logic,
  title={Logic in Computer Science: Modelling and Reasoning about Systems},
  author={Huth, M. and Ryan, M.},
  isbn={9781139453059},
  year={2004},
  publisher={Cambridge University Press}
}

@mastersthesis{mura2016,
	Address = {Londrina-PR},
	Author = {Della Mura, W. A.},
	School = {Universidade Estadual de Londrina},
	Title = {Detecção de conflitos em contratos multilaterais},
	pages={133},
	year = {2016}
}

@article{muller1999invited,
	title={Invited Talks and Tutorials-Model-Checking. A Tutorial Introduction},
	author={Muller-Olm, Markus and Schmidt, David and Steffen, Bernhard},
	journal={Lecture Notes in Computer Science},
	volume={1694},
	pages={330--354},
	year={1999},
	publisher={Berlin: Springer-Verlag, 1973-}
}

@book{katoen1999concepts,
	title={Concepts, algorithms, and tools for model checking},
	author={Katoen, Joost-Pieter},
	year={1999},
	publisher={IMMD Erlangen}
}

@book{baier2008principles,
  title={Principles of Model Checking},
  author={Baier, C. and Katoen, J.P.},
  isbn={9780262026499},
  lccn={2007037603},
  year={2008},
  publisher={MIT Press}
}