%%%%%%%%%%%
%Revisões sistemáticas sobre segurança e vulnerabilidades de SC
%%%%%%%%%%%
@article{chen2020survey-ethereum-acm,
author = {Chen, Huashan and Pendleton, Marcus and Njilla, Laurent and Xu, Shouhuai},
title = {A Survey on Ethereum Systems Security: Vulnerabilities, Attacks, and Defenses},
year = {2020},
issue_date = {June 2020},
publisher = {Association for Computing Machinery},
address = {New York, NY, USA},
volume = {53},
number = {3},
issn = {0360-0300},
url = {https://doi.org/10.1145/3391195},
doi = {10.1145/3391195},
journal = {ACM Comput. Surv.},
month = jun,
articleno = {67},
numpages = {43},
keywords = {Ethereum, security, Blockchain, smart contract}
}

%%%%%%%%%
%OVERVIEW SOBRE BLOCKCHAIN E ALGORITMOS DE CONSENSO
%%%%%%%%%
@ARTICLE{consenso-xiao-2020,  
author={Y. {Xiao} and N. {Zhang} and W. {Lou} and Y. T. {Hou}},  journal={IEEE Communications Surveys   Tutorials},   title={A Survey of Distributed Consensus Protocols for Blockchain Networks},   year={2020},  volume={22},  number={2},  pages={1432-1465},  doi={10.1109/COMST.2020.2969706}
}

@ARTICLE{overview-dinh-2018,  
author={T. T. A. {Dinh} and R. {Liu} and M. {Zhang} and G. {Chen} and B. C. {Ooi} and J. {Wang}},  journal={IEEE Transactions on Knowledge and Data Engineering},   title={Untangling Blockchain: A Data Processing View of Blockchain Systems},   year={2018},  volume={30},  number={7},  pages={1366-1385},  doi={10.1109/TKDE.2017.2781227}
}

@inproceedings{overview-ahmed-2019,
author = {Ahmed, Moneeb and Elahi, Ihsan and Abrar, Muhammad and Aslam, Umair and Khalid, Iqra and Habib, Muhammad Asif},
title = {Understanding Blockchain: Platforms, Applications and Implementation Challenges},
year = {2019},
isbn = {9781450371636},
publisher = {Association for Computing Machinery},
address = {New York, NY, USA},
url = {https://doi.org/10.1145/3341325.3342033},
doi = {10.1145/3341325.3342033},
booktitle = {Proceedings of the 3rd International Conference on Future Networks and Distributed Systems},
articleno = {35},
numpages = {8},
keywords = {consensus algorithm, hyperledger, ethereum, steemit, blockchain, bitcoin, smart contract, cryptokitties},
location = {Paris, France},
series = {ICFNDS '19}
}

@ARTICLE{consenso-Bouraga2021,
author={Bouraga, S.},
title={A taxonomy of blockchain consensus protocols: A survey and classification framework},
journal={Expert Systems with Applications},
year={2021},
volume={168},
doi={10.1016/j.eswa.2020.114384},
art_number={114384},
doi={10.1016/j.eswa.2020.114384},
publisher={Elsevier Ltd},
document_type={Article},
source={Scopus}
}

@article{wang2019survey-consenso,
  title={A survey on consensus mechanisms and mining strategy management in blockchain networks},
  author={Wang, Wenbo and Hoang, Dinh Thai and Hu, Peizhao and Xiong, Zehui and Niyato, Dusit and Wang, Ping and Wen, Yonggang and Kim, Dong In},
  journal={IEEE Access},
  volume={7},
  pages={22328--22370},
  year={2019},
  publisher={IEEE}
}

@article{overview-crosby2016blockchain,
  title={Blockchain technology: Beyond bitcoin},
  author={Crosby, Michael and Pattanayak, Pradan and Verma, Sanjeev and Kalyanaraman, Vignesh and others},
  journal={Applied Innovation},
  volume={2},
  number={6-10},
  pages={71},
  year={2016}
}

@article{overview-blockchain-underwood2016,
author = {Underwood, Sarah},
title = {Blockchain beyond Bitcoin},
year = {2016},
issue_date = {November 2016},
publisher = {Association for Computing Machinery},
address = {New York, NY, USA},
volume = {59},
number = {11},
issn = {0001-0782},
url = {https://doi.org/10.1145/2994581},
doi = {10.1145/2994581},
journal = {Commun. ACM},
month = oct,
pages = {15–17},
numpages = {3}
}

@techreport{overview-bitcoin2008nakamoto,
  title={Bitcoin: A peer-to-peer electronic cash system},
  author={Nakamoto, Satoshi},
  year={2008},
  url={https://bitcoin.org/bitcoin.pdf},
  note={Acesso em: 29 jan. 2021}
}

@techreport{ethereum2014whitepaper,
 tltle={A Next-Generation Smart Contract and Decentralized Application Platform},
 author={Buterin, Vitalik},
 year={2014},
 url={https://ethereum.org/en/whitepaper/},
 note={Acesso em: 29 jan. 2021}
}

@misc{overview-blockchainbasic2018drescher,
  title={Blockchain basics: a non-technical introduction in 25 steps},
  author={Drescher, Daniel},
  year={2017},
  publisher={Apress}
}

@ARTICLE{overview-bitcoin-energy2014,
   author = {K.J. O&apos;Dwyer},
   affiliation = {Hamilton Inst., Nat. Univ. of Ireland, Maynooth},
   author = {D. Malone},
   affiliation = {Hamilton Inst., Nat. Univ. of Ireland, Maynooth},
   keywords = {monetary transactions;energy footprint;electricity consumption;Ireland;digital cryptocurrency;bitcoin concept;energy cost;bitcoin mining;},
   language = {English},
   title = {Bitcoin Mining and its Energy Footprint},
   journal = {IET Conference Proceedings},
   year = {2014},
   month = {January},
   pages = {280-285(5)},
   publisher ={Institution of Engineering and Technology}
}

@article{overview-pos-king2012ppcoin,
  title={Ppcoin: Peer-to-peer crypto-currency with proof-of-stake},
  author={King, Sunny and Nadal, Scott},
  url={https://www.peercoin.net/whitepapers/peercoin-paper.pdf},
  note={Acesso em: 05 fev. 2021},
  year={2012}
}

@inproceedings{overview-byzantine1999castro,
  title={Practical byzantine fault tolerance},
  author={Castro, Miguel and Liskov, Barbara and others},
  booktitle={OSDI},
  volume={99},
  number={1999},
  pages={173--186},
  year={1999}
}

@article{consenso-zhang2020analysis,
  title={Analysis of the main consensus protocols of blockchain},
  author={Zhang, Shijie and Lee, Jong-Hyouk},
  journal={ICT express},
  volume={6},
  number={2},
  pages={93--97},
  year={2020},
  publisher={Elsevier}
}

@inproceedings{overview-hyperledger2018androulaki,
author = {Androulaki, Elli and Barger, Artem and Bortnikov, Vita and Cachin, Christian and Christidis, Konstantinos and De Caro, Angelo and Enyeart, David and Ferris, Christopher and Laventman, Gennady and Manevich, Yacov and Muralidharan, Srinivasan and Murthy, Chet and Nguyen, Binh and Sethi, Manish and Singh, Gari and Smith, Keith and Sorniotti, Alessandro and Stathakopoulou, Chrysoula and Vukoli\'{c}, Marko and Cocco, Sharon Weed and Yellick, Jason},
title = {Hyperledger Fabric: A Distributed Operating System for Permissioned Blockchains},
year = {2018},
isbn = {9781450355841},
publisher = {Association for Computing Machinery},
address = {New York, NY, USA},
url = {https://doi.org/10.1145/3190508.3190538},
doi = {10.1145/3190508.3190538},
booktitle = {Proceedings of the Thirteenth EuroSys Conference},
articleno = {30},
numpages = {15},
location = {Porto, Portugal},
series = {EuroSys '18}
}

@article{overview-stellar2015mazieres,
  title={The stellar consensus protocol: A federated model for internet-level consensus},
  author={Mazieres, David},
  url={https://www.stellar.org/papers/stellar-consensus-protocol},
  journal={Stellar Development Foundation},
  volume={32},
  year={2015},
  publisher={Citeseer}
}

@article{overview-schwartz2014ripple,
  title={The ripple protocol consensus algorithm},
  author={Schwartz, David and Youngs, Noah and Britto, Arthur and others},
  journal={Ripple Labs Inc White Paper},
  url={https://cryptoguide.ch/cryptocurrency/ripple/whitepaper.pdf},
  volume={5},
  number={8},
  pages={151},
  year={2014}
}

@INPROCEEDINGS{overview-consenso2017sankar,
  author={L. S. {Sankar} and M. {Sindhu} and M. {Sethumadhavan}},
  booktitle={2017 4th International Conference on Advanced Computing and Communication Systems (ICACCS)}, 
  title={Survey of consensus protocols on blockchain applications}, 
  year={2017},
  pages={1-5},
  doi={10.1109/ICACCS.2017.8014672}
}

@article{brown2016corda,
  title={Corda: an introduction},
  author={Brown, Richard Gendal and Carlyle, James and Grigg, Ian and Hearn, Mike},
  journal={R3 CEV, August},
  volume={1},
  pages={15},
  year={2016}
}

@article{wood2014ethereum-yellow-paper,
  title={Ethereum: A secure decentralised generalised transaction ledger},
  author={Wood, Gavin and others},
  journal={Ethereum project yellow paper},
  volume={151},
  number={2014},
  pages={1--32},
  year={2014}
}

@ARTICLE{survey-Hewa2021smart-contract,
author={Hewa, T. and Ylianttila, M. and Liyanage, M.},
title={Survey on blockchain based smart contracts: Applications, opportunities and challenges},
journal={Journal of Network and Computer Applications},
year={2021},
volume={177},
doi={10.1016/j.jnca.2020.102857},
art_number={102857},
document_type={Review},
source={Scopus}
}

@article{overview-chen2020blockchain-graph,
author={Chen, Ting and Li, Zihao and Zhu, Yuxiao and Chen, Jiachi and Luo, Xiapu and Lui, John Chi-Shing and Lin, Xiaodong and Zhang, Xiaosong},
doi = {10.1145/3381036},
issn = {15576051},
journal = {ACM Transactions on Internet Technology},
number = {2},
publisher = {Association for Computing Machinery},
title = {Understanding Ethereum via Graph Analysis},
volume = {20},
year = {2020}
}

@manual{solidity-documentation,
title={Solidity documentation},
url={https://readthedocs.org/projects/solidity/},
note={Acesso em: 16 fev. 2021}
}

@article{overview-syed2019comparative,
  title={A comparative analysis of blockchain architecture and its applications: Problems and recommendations},
  author={Syed, Toqeer Ali and Alzahrani, Ali and Jan, Salman and Siddiqui, Muhammad Shoaib and Nadeem, Adnan and Alghamdi, Turki},
  journal={IEEE access},
  volume={7},
  pages={176838--176869},
  year={2019},
  publisher={IEEE}
}

@misc{state-dapps-2021,
title={State of the DApps - DApp Statics},
year={2021},
url={https://www.stateofthedapps.com/stats},
note={Acesso em 16 fev. 2021}
}

@article{overview-smartcontracts2020zheng,
title = {An overview on smart contracts: Challenges, advances and platforms},
journal = {Future Generation Computer Systems},
volume = {105},
pages = {475-491},
year = {2020},
issn = {0167-739X},
doi = {https://doi.org/10.1016/j.future.2019.12.019},
author = {Zibin Zheng and Shaoan Xie and Hong-Ning Dai and Weili Chen and Xiangping Chen and Jian Weng and Muhammad Imran}
}

@misc{etherscan2020contracts,
author={},
title={Etherscan: The Ethereum Blockchain Explorer},
year={2021},
url={https://etherscan.io/accounts},
note={Acesso em: 17 fev. 2021}
}

@misc{coinmarketcap2021,
title={CoinMarketCap: Today's Cryptocurrency Prices by Market Cap},
year={2021},
url={https://coinmarketcap.com/},
note={Acesso em: 17 fev. 2021}
}

@misc{ethereum-homestead2020documentation,
author={},
title={Ethereum Homestead Documentation},
year={2018},
url={https://ethdocs.org/en/latest/},
note={Acesso em: 20 fev. 2021}
}

@misc{solidity-v7.4-documentation,
author={},
title={Solidity version 0.7.4 documentation},
year={2020},
url={https://docs.soliditylang.org/en/v0.7.4/index.html},
note={Acesso em: 21 fev. 2021}
}

@misc{solidity-v5.9-documentation,
author={},
title={Solidity version 0.5.9 documentation},
year={2019},
url={https://docs.soliditylang.org/en/v0.5.9/},
note={Acesso em: 02 mar. 2021}
}

@inproceedings{sompolinsky2015ghost-original,
  title={Secure high-rate transaction processing in bitcoin},
  author={Sompolinsky, Yonatan and Zohar, Aviv},
  booktitle={International Conference on Financial Cryptography and Data Security},
  pages={507--527},
  year={2015},
  organization={Springer}
}

@article{maesa2020blockchain3.0,
  title={Blockchain 3.0 applications survey},
  author={Maesa, Damiano Di Francesco and Mori, Paolo},
  journal={Journal of Parallel and Distributed Computing},
  volume={138},
  pages={99--114},
  year={2020},
  publisher={Elsevier}
}

@book{swan2015blockchain-book,
  title={Blockchain: Blueprint for a New Economy},
  author={Swan, M.},
  isbn={9781491920473},
  lccn={2015303288},
  year={2015},
  publisher={O'Reilly Media}
}

@INPROCEEDINGS{angelo2020tokens,
  author={M. {di Angelo} and G. {Salzer}},
  booktitle={2020 IEEE International Conference on Decentralized Applications and Infrastructures (DAPPS)}, 
  title={Tokens, Types, and Standards: Identification and Utilization in Ethereum}, 
  year={2020},
  pages={1-10},
  doi={10.1109/DAPPS49028.2020.00001}
  }
  
@ARTICLE{monrat2019survey-blockchain-ieee,
author={A. A. {Monrat} and O. {Schelén} and K. {Andersson}},
journal={IEEE Access}, 
title={A Survey of Blockchain From the Perspectives of Applications, Challenges, and Opportunities}, 
year={2019},
volume={7},
pages={117134-117151},
doi={10.1109/ACCESS.2019.2936094}
}

@misc{tether-site,
title={Tether: Digital money for a digital age},
url={https://tether.to/},
note={Acesso em: 23 fev. 2021}
}

@misc{usdcoin-site,
title={USDC: the world's leading digital dollar stablecoin},
url={https://www.circle.com/en/usdc},
note={Acesso em: 23 fev 2021}
}

@misc{chainlink-site,
title={Chainlink: Connect your smart contract to the outside world},
url={https://chain.link/},
note={Acesso em: 23 fev 2021}
}

@misc{aave-site,
title={Aave: The liquidity protocol},
url={https://aave.com/},
note={Acesso em: 23 fev 2021}
}

@misc{paxgold-whitepaper,
author={Charles Cascarilla},
title={Pax Gold white paper},
year={2019},
url={https://www.paxos.com/pax-gold-whitepaper},
note={Acesso em: 23 fev 2021}
}

@misc{wibx-site,
title={WiBX: Crypto jumping coin},
url={https://www.wibx.io/},
note={Acesso em: 23 fev 2021}
}

@misc{mco2-moss-whitepaper,
title={MOSS: MCO2 token},
url={v.fastcdn.co/u/f3b4407f/54475626-0-Moss-white-paper-eng.pdf},
note={Acesso em: 23 fev 2021}
}

@ARTICLE{wang2019DAO-survey,
author={S. {Wang} and W. {Ding} and J. {Li} and Y. {Yuan} and L. {Ouyang} and F. {Wang}},
journal={IEEE Transactions on Computational Social Systems}, 
title={Decentralized Autonomous Organizations: Concept, Model, and Applications}, 
year={2019},
volume={6},
number={5},
pages={870-878},
doi={10.1109/TCSS.2019.2938190}
}

@misc{siegel-dao-attack,
author={David Siegel},
title={Understanding The DAO Attack},
year={2020},
url={https://www.coindesk.com/understanding-dao-hack-journalists},
note={Acesso em: 24 fev. 2021}
}

@article{liu2019survey-ieeeaccess,
  title={A survey on security verification of blockchain smart contracts},
  author={Liu, Jing and Liu, Zhentian},
  journal={IEEE Access},
  volume={7},
  pages={77894--77904},
  year={2019},
  publisher={IEEE}
}

@inproceedings{atzei2017survey-attacks-sok,
  title={A survey of attacks on ethereum smart contracts (sok)},
  author={Atzei, Nicola and Bartoletti, Massimo and Cimoli, Tiziana},
  booktitle={International conference on principles of security and trust},
  pages={164--186},
  year={2017},
  organization={Springer}
}

@article{mcghin2019blockchain-survey-health,
title={Blockchain in healthcare applications: Research challenges and opportunities},
author={McGhin, Thomas and Choo, Kim-Kwang Raymond and Liu, Charles Zhechao and He, Debiao},
journal={Journal of Network and Computer Applications},
volume={135},
pages={62--75},
year={2019},
publisher={Elsevier}
}

@article{erikson2020survey-health,
title={A survey of blockchain-based strategies for healthcare},
author={De Aguiar, Erikson J{\'u}lio and Fai{\c{c}}al, Bruno S and Krishnamachari, Bhaskar and Ueyama, J{\'o}},
journal={ACM Computing Surveys (CSUR)},
volume={53},
number={2},
pages={1--27},
year={2020},
publisher={ACM New York, NY, USA}
}

@misc{oms2017medicamentos,
author={WHO},
year={2017},
title={Substandard and Falsified Medical Products},
url={https://www.who.int/news-room/fact-sheets/detail/substandard-and-falsified-medical-products},
note={Acesso em: 25 fev. 2021}
}

@inproceedings{ekblaw2016case-medrec,
  title={A Case Study for Blockchain in Healthcare:“MedRec” prototype for electronic health records and medical research data},
  author={Ekblaw, Ariel and Azaria, Asaph and Halamka, John D and Lippman, Andrew},
  booktitle={Proceedings of IEEE open \& big data conference},
  volume={13},
  pages={13},
  year={2016}
}

@article{szabo1997smart-contract, 
title={Formalizing and Securing Relationships on Public Networks}, 
volume={2}, 
url={https://journals.uic.edu/ojs/index.php/fm/article/view/548}, 
DOI={10.5210/fm.v2i9.548}, 
number={9}, 
journal={First Monday}, 
author={Szabo, Nick}, 
year={1997}, 
month={Sep.} 
}

@incollection{bocek2018smart-blockchain-wings,
  title={Smart contracts--blockchains in the wings},
  author={Bocek, Thomas and Stiller, Burkhard},
  booktitle={Digital marketplaces unleashed},
  pages={169--184},
  year={2018},
  publisher={Springer}
}

@article{zhang2019blockchain-security-acmcs,
author = {Zhang, Rui and Xue, Rui and Liu, Ling},
title = {Security and Privacy on Blockchain},
year = {2019},
issue_date = {July 2019},
publisher = {Association for Computing Machinery},
address = {New York, NY, USA},
volume = {52},
number = {3},
issn = {0360-0300},
url = {https://doi.org/10.1145/3316481},
doi = {10.1145/3316481},
journal = {ACM Comput. Surv.},
month = jul,
articleno = {51},
numpages = {34},
keywords = {security, privacy, Blockchain}
}

@article{sayeed2020smart-attacks-ieee,
  title={Smart contract: Attacks and protections},
  author={Sayeed, Sarwar and Marco-Gisbert, Hector and Caira, Tom},
  journal={IEEE Access},
  volume={8},
  pages={24416--24427},
  year={2020},
  publisher={IEEE}
}

@article{kannengiesser2020trade-offs-acmcs,
  title={Trade-offs between distributed ledger technology characteristics},
  author={Kannengie{\ss}er, Niclas and Lins, Sebastian and Dehling, Tobias and Sunyaev, Ali},
  journal={ACM Computing Surveys (CSUR)},
  volume={53},
  number={2},
  pages={1--37},
  year={2020},
  publisher={ACM New York, NY, USA}
}

@article{varela2021smart-languages-acmcs,
  title={Smart Contract Languages: A Multivocal Mapping Study},
  author={Varela-Vaca, {\'A}ngel Jes{\'u}s and Quintero, Antonia M Reina},
  journal={ACM Computing Surveys (CSUR)},
  volume={54},
  number={1},
  pages={1--38},
  year={2021},
  publisher={ACM New York, NY, USA}
}

@article{casino2019block-app-survey-elsevier,
  title={A systematic literature review of blockchain-based applications: current status, classification and open issues},
  author={Casino, Fran and Dasaklis, Thomas K and Patsakis, Constantinos},
  journal={Telematics and informatics},
  volume={36},
  pages={55--81},
  year={2019},
  publisher={Elsevier}
}

@ARTICLE{salah2019review-blockchain-ai,
author={K. {Salah} and M. H. U. {Rehman} and N. {Nizamuddin} and A. {Al-Fuqaha}},
journal={IEEE Access}, 
title={Blockchain for AI: Review and Open Research Challenges}, 
year={2019},
volume={7},
number={},
pages={10127-10149},
doi={10.1109/ACCESS.2018.2890507}
}

@article{singh2020survey-vulnerabilities-elsevier,
  title={Blockchain smart contracts formalization: Approaches and challenges to address vulnerabilities},
  author={Singh, Amritraj and Parizi, Reza M and Zhang, Qi and Choo, Kim-Kwang Raymond and Dehghantanha, Ali},
  journal={Computers \& Security},
  volume={88},
  pages={101654},
  year={2020},
  publisher={Elsevier}
}

@article{guo2021blockchain-bibliometric,
  title={A bibliometric analysis and visualization of blockchain},
  author={Guo, Yi-Ming and Huang, Zhen-Ling and Guo, Ji and Guo, Xing-Rong and Li, Hua and Liu, Meng-Yu and Ezzeddine, Safa and Nkeli, Mpeoane Judith},
  journal={Future Generation Computer Systems},
  volume={116},
  pages={316--332},
  year={2021},
  publisher={Elsevier}
}



@book{tanembaum2007sistemas,
  title={Sistemas Distribu{\'\i}dos-Princ{\'\i}pios e Paradigmas},
  author={Tanembaum, Andrew S and Van Steen, M},
  year={2007},
  publisher={Person Prentice-Hall}
}

@book{marion1985contabilidade,
  title={Contabilidade basica},
  author={Marion, J.C.},
  isbn={9788547210236},
  year={1985},
  publisher={Atlas}
}

@article{dworkin2015sha3,
  title={SHA-3 standard: Permutation-based hash and extendable-output functions},
  author={Dworkin, Morris J},
  year={2015}
}

@misc{bertoni2020keccak,
  title={The keccak SHA-3 submission. Submission to NIST (Round 3)},
  author={Bertoni, Guido and Daemen, Joan and Peeters, Michael and Assche, GV},
  year={2011}
}

@article{koblitz1987elliptic-curve,
  title={Elliptic curve cryptosystems},
  author={Koblitz, Neal},
  journal={Mathematics of computation},
  volume={48},
  number={177},
  pages={203--209},
  year={1987}
}

@article{johnson2001elliptic-ethereum,
  title={The elliptic curve digital signature algorithm (ECDSA)},
  author={Johnson, Don and Menezes, Alfred and Vanstone, Scott},
  journal={International journal of information security},
  volume={1},
  number={1},
  pages={36--63},
  year={2001},
  publisher={Springer}
}

@article{fu2019critical,
  title={A critical-path-coverage-based vulnerability detection method for smart contracts},
  author={Fu, Menglin and Wu, Lifa and Hong, Zheng and Zhu, Feng and Sun, He and Feng, Wenbo},
  journal={IEEE Access},
  volume={7},
  pages={147327--147344},
  year={2019},
  publisher={IEEE}
}

@article{fan2020performance,
  title={Performance Evaluation of Blockchain Systems: A Systematic Survey},
  author={Fan, Caixiang and Ghaemi, Sara and Khazaei, Hamzeh and Musilek, Petr},
  journal={IEEE Access},
  volume={8},
  pages={126927--126950},
  year={2020},
  publisher={IEEE}
}

@article{zhu2019iot-applications,
  title={Applications of distributed ledger technologies to the internet of things: A survey},
  author={Zhu, Qingyi and Loke, Seng W and Trujillo-Rasua, Rolando and Jiang, Frank and Xiang, Yong},
  journal={ACM computing surveys (CSUR)},
  volume={52},
  number={6},
  pages={1--34},
  year={2019},
  publisher={ACM New York, NY, USA}
}

@article{almakhour2020verification,
  title={Verification of smart contracts: A survey},
  author={Almakhour, Mouhamad and Sliman, Layth and Samhat, Abed Ellatif and Mellouk, Abdelhamid},
  journal={Pervasive and Mobile Computing},
  pages={101227},
  year={2020},
  publisher={Elsevier}
}

@article{kim2020automated-test-sc,
  title={Automated Generation of Test Cases for Smart Contract Security Analyzers},
  author={Kim, Ki Byung and Lee, Jonghyup},
  journal={IEEE Access},
  volume={8},
  pages={209377--209392},
  year={2020},
  publisher={IEEE}
}

@article{vacca2020systematic,
  title={A systematic literature review of blockchain and smart contract development: Techniques, tools, and open challenges},
  author={Vacca, Anna and Di Sorbo, Andrea and Visaggio, Corrado A and Canfora, Gerardo},
  journal={Journal of Systems and Software},
  pages={110891},
  year={2020},
  publisher={Elsevier}
}

@inproceedings{dika2018security,
  title={Security vulnerabilities in ethereum smart contracts},
  author={Dika, Ardit and Nowostawski, Mariusz},
  booktitle={2018 IEEE International Conference on Internet of Things (iThings) and IEEE Green Computing and Communications (GreenCom) and IEEE Cyber, Physical and Social Computing (CPSCom) and IEEE Smart Data (SmartData)},
  pages={955--962},
  year={2018},
  organization={IEEE}
}